@inproceedings{han2016eie,
  title={EIE: efficient inference engine on compressed deep neural network},
  author={Han, Song and Liu, Xingyu and Mao, Huizi and Pu, Jing and Pedram, Ardavan and Horowitz, Mark A and Dally, William J},
  booktitle={Proceedings of the 43rd International Symposium on Computer Architecture},
  pages={243--254},
  year={2016},
  organization={IEEE Press}
}

@article{abadi2016tensorflow,
  title={Tensorflow: Large-scale machine learning on heterogeneous distributed systems},
  author={Abadi, Mart{\'\i}n and Agarwal, Ashish and Barham, Paul and Brevdo, Eugene and Chen, Zhifeng and Citro, Craifg and Corrado, Greg S and Davis, Andy and Dean, Jeffrey and Devin, Matthieu and others},
  journal={arXiv preprint arXiv:1603.04467},
  year={2016}
}

@article{krizhevsky2009learning,
  title={Learning multiple layers of features from tiny images},
  author={Krizhevsky, Alex and Hinton, Geoffrey},
  year={2009},
  publisher={Technical report, University of Toronto}
}

@article{simonyan2014very,
  title={Very deep convolutional networks for large-scale image recognition},
  author={Simonyan, Karen and Zisserman, Andrew},
  journal={arXiv preprint arXiv:1409.1556},
  year={2014}
}

@inproceedings{wen2016learning,
  title={Learning structured sparsity in deep neural networks},
  author={Wen, Wei and Wu, Chunpeng and Wang, Yandan and Chen, Yiran and Li, Hai},
  booktitle={Advances in Neural Information Processing Systems},
  pages={2074--2082},
  year={2016}
}

@article{li2016pruning,
  title={Pruning filters for efficient convnets},
  author={Li, Hao and Kadav, Asim and Durdanovic, Igor and Samet, Hanan and Graf, Hans Peter},
  journal={arXiv preprint arXiv:1608.08710},
  year={2016}
}

@inproceedings{mao2017exploring,
  title={Exploring the Granularity of Sparsity in Convolutional Neural Networks},
  author={Mao, Huizi and Han, Song and Pool, Jeff and Li, Wenshuo and Liu, Xingyu and Wang, Yu and Dally, William J},
  booktitle={Computer Vision and Pattern Recognition Workshops (CVPRW), 2017 IEEE Conference on},
  pages={1927--1934},
  year={2017},
  organization={IEEE}
}

@inproceedings{zhou2016less,
  title={Less is more: Towards compact cnns},
  author={Zhou, Hao and Alvarez, Jose M and Porikli, Fatih},
  booktitle={European Conference on Computer Vision},
  pages={662--677},
  year={2016},
  organization={Springer}
}

@inproceedings{lebedev2016fast,
  title={Fast convnets using group-wise brain damage},
  author={Lebedev, Vadim and Lempitsky, Victor},
  booktitle={Proceedings of the IEEE Conference on Computer Vision and Pattern Recognition},
  pages={2554--2564},
  year={2016}
}

@article{molchanov2016pruning,
  title={Pruning convolutional neural networks for resource efficient transfer learning},
  author={Molchanov, Pavlo and Tyree, Stephen and Karras, Tero and Aila, Timo and Kautz, Jan},
  journal={arXiv preprint arXiv:1611.06440},
  year={2016}
}

@inproceedings{qiu2016going,
  title         ={Going deeper with embedded fpga platform for convolutional neural network},
  author        ={Qiu, Jiantao and Wang, Jie and Yao, Song and others},
  booktitle     ={FPGA},
  pages         ={26--35},
  year          ={2016},
  organization  ={ACM}
}

@article{lecun1998gradient,
  title={Gradient-based learning applied to document recognition},
  author={LeCun, Yann and Bottou, Leon and Bengio, Yoshua and Haffner, Patrick},
  journal={Proceedings of the IEEE},
  volume={86},
  number={11},
  pages={2278--2324},
  year={1998},
  publisher={IEEE}
}

@inproceedings{hinton12,
  title={Imagenet classification with deep convolutional neural networks},
  author={Krizhevsky, Alex and Sutskever, Ilya and Hinton, Geoffrey E},
  booktitle={Advances in neural information processing systems},
  pages={1097--1105},
  year={2012}
}


@article{NLP_scratch,
  title={Natural language processing (almost) from scratch},
  author={Collobert, Ronan and Weston, Jason and Bottou, L{\'e}on and Karlen, Michael and Kavukcuoglu, Koray and Kuksa, Pavel},
  journal={JMLR},
  volume={12},
  pages={2493--2537},
  year={2011},
  publisher={JMLR. org}
}

@inproceedings{mikolov2010RNN,
  title={Recurrent neural network based language model.},
  author={Mikolov, Tomas and Karafi{\'a}t, Martin and Burget, Lukas and Cernock{\`y}, Jan and Khudanpur, Sanjeev},
  booktitle={INTERSPEECH, September 26-30, 2010},
  pages={1045--1048},
  year={2010}
}


@inproceedings{deepface,
  title={Deepface: Closing the gap to human-level performance in face verification},
  author={Taigman, Yaniv and Yang, Ming and Ranzato, Marc'Aurelio and Wolf, Lior},
  booktitle={CVPR},
  pages={1701--1708},
  year={2014},
  organization={IEEE}
}


@inproceedings{googlebrain,
  title={Building high-level features using large scale unsupervised learning},
  author={Le, Quoc V},
  booktitle={Acoustics, Speech and Signal Processing (ICASSP), 2013 IEEE International Conference on},
  pages={8595--8598},
  year={2013},
  organization={IEEE}
}

@inproceedings{cots,
  title={Deep learning with cots hpc systems},
  author={Coates, Adam and Huval, Brody and Wang, Tao and Wu, David and Catanzaro, Bryan and Andrew, Ng},
  booktitle={30th ICML},
  pages={1337--1345},
  year={2013}
}


@inproceedings{denil2013predicting,
  title={Predicting parameters in deep learning},
  author={Denil, Misha and Shakibi, Babak and Dinh, Laurent and de Freitas, Nando and others},
  booktitle={Advances in Neural Information Processing Systems},
  pages={2148--2156},
  year={2013}
}


@article{cudnn,
  title={cudnn: Efficient primitives for deep learning},
  author={Chetlur, Sharan and Woolley, Cliff and Vandermersch, Philippe and Cohen, Jonathan and Tran, John and Catanzaro, Bryan and Shelhamer, Evan},
  journal={arXiv preprint arXiv:1410.0759},
  year={2014}
}

@inproceedings{vincentGoogle2011improving,
  title={Improving the speed of neural networks on CPUs},
  author={Vanhoucke, Vincent and Senior, Andrew and Mao, Mark Z},
  booktitle={Proc. Deep Learning and Unsupervised Feature Learning NIPS Workshop},
  year={2011}
}

@inproceedings{denton2014LinearStructure,
  title={Exploiting linear structure within convolutional networks for efficient evaluation},
  author={Denton, Emily L and Zaremba, Wojciech and Bruna, Joan and LeCun, Yann and Fergus, Rob},
  booktitle={NIPS},
  pages={1269--1277},
  year={2014}
}

@article{NiN,
  title={Network in network},
  author={Lin, Min and Chen, Qiang and Yan, Shuicheng},
  journal={arXiv preprint arXiv:1312.4400},
  year={2013}
}

@article{dropout,
  title = {Dropout: A Simple Way to Prevent Neural Networks from Overfitting},
  author = {Srivastava, Nitish and Hinton, Geoffrey and Krizhevsky, Alex and Sutskever, Ilya and Salakhutdinov, Ruslan},
  journal = {JMLR},
  volume = {15},
  pages = {1929--1958},
  year = {2014}
}


@inproceedings{dropconnect,
  title={Regularization of neural networks using dropconnect},
  author={Wan, Li and Zeiler, Matthew and Zhang, Sixin and Cun, Yann L and Fergus, Rob},
  booktitle={ICML},
  pages={1058--1066},
  year={2013}
}

@article{bengio1994vanish,
  title={Learning long-term dependencies with gradient descent is difficult},
  author={Bengio, Yoshua and Simard, Patrice and Frasconi, Paolo},
  journal={Neural Networks, IEEE Transactions on},
  volume={5},
  number={2},
  pages={157--166},
  year={1994},
  publisher={IEEE}
}




@inproceedings{diannao,
  title={DianNao: a small-footprint high-throughput accelerator for ubiquitous machine-learning},
  author={Chen, Tianshi and Du, Zidong and Sun, Ninghui and Wang, Jia and Wu, Chengyong and Chen, Yunji and Temam, Olivier},
  booktitle={Proceedings of the 19th international conference on Architectural support for programming languages and operating systems},
  pages={269--284},
  year={2014},
  organization={ACM}
}


@inproceedings{dadiannao,
  author = {Yunji Chen and  Tao Luo and  Shaoli Liu and  Shijin Zhang and  Liqiang He and  Jia Wang and  Ling Li and  Tianshi Chen and  Zhiwei Xu and  Ninghui Sun and  Olivier Temam},
  booktitle = {ACM/IEEE International Symposium on Microarchitecture (MICRO)},
  title = {DaDianNao: A Machine-Learning Supercomputer},
  month = {December},
  location = {Cambridge, UK},
  year = {2014}
}

@book{morris2010roswell,
  title={Roswell Connection},
  author={Morris, Theresa},
  year={2010},
  publisher={Lulu.com}
}


@article{blows2003child,
  title={Child brain development},
  author={Blows, William T},
  journal={Nursing times},
  volume={99},
  number={17},
  pages={28--31},
  year={2003}
}


@article{nature,
  title={Peter Huttenlocher (1931-2013)},
  author={Walsh, Christopher A},
  journal={Nature},
  volume={502},
  number={7470},
  pages={172--172},
  year={2013},
  publisher={Nature Publishing Group}
}


@article{catlearningconnections,
  title={Neuronal mechanisms of developmental plasticity in the cat's visual system.},
  author={Rauschecker, JP},
  journal={Human neurobiology},
  volume={3},
  number={2},
  pages={109--114},
  year={1983}
}



@article{mnist,
  title={MNIST handwritten digit database},
  author={LeCun, Yann and Cortes, Corinna},
  journal={AT\&T Labs. Available: http://yann. lecun. com/exdb/mnist},
  year={2010}
}



@article{lstm,
  title={Long short-term memory},
  author={Hochreiter, Sepp and Schmidhuber, J{\"u}rgen},
  journal={Neural computation},
  volume={9},
  number={8},
  pages={1735--1780},
  year={1997},
  publisher={MIT Press}
}


@article{graves2005framewise,
  title={Framewise phoneme classification with bidirectional LSTM and other neural network architectures},
  author={Graves, Alex and Schmidhuber, J{\"u}rgen},
  journal={Neural Networks},
  volume={18},
  number={5},
  pages={602--610},
  year={2005},
  publisher={Elsevier}
}




@online{markenergy,
author = {Mark Horowitz},
title = {Energy table for 45nm process, {Stanford VLSI} wiki},
url ={https://sites.google.com/site/seecproject/energy-table},
year = {2012}
}

online{ufldl,
 author = {Andrew Ng},
 title = {Stanford Deep Learning Tutorial},
 url = {http://ufldl.stanford.edu},
 year = {2011}
 }

@INPROCEEDINGS{Cun90optimalbrain,
    author = {Yann Le Cun and John S. Denker and Sara A. Solla},
    title = {Optimal Brain Damage},
    booktitle = {Advances in Neural Information Processing Systems},
    year = {1990},
    pages = {598--605},
    publisher = {Morgan Kaufmann}
}

@article{hassibi1993second,
  title={Second order derivatives for network pruning: Optimal brain surgeon},
  author={Hassibi, Babak and Stork, David G and others},
  journal={Advances in neural information processing systems},
  pages={164--164},
  year={1993},
  publisher={Citeseer}
}


@article{thodberg1991improving,
  title={Improving generalization of neural networks through pruning},
  author={Thodberg, Hans Henrik},
  journal={International Journal of Neural Systems},
  volume={1},
  number={04},
  pages={317--326},
  year={1991},
  publisher={World Scientific}
}

@article{reed1993pruning,
  title={Pruning algorithms-a survey},
  author={Reed, Russell},
  journal={Neural Networks, IEEE Transactions on},
  volume={4},
  number={5},
  pages={740--747},
  year={1993},
  publisher={IEEE}
}

@inproceedings{mozer1989skeletonization,
  title={Skeletonization: A technique for trimming the fat from a network via relevance assessment},
  author={Mozer, Michael and Smolensky, Paul},
  booktitle={Advances in neural information processing systems},
  pages={107--115},
  year={1989}
}

@inproceedings{hanson1989comparing,
  title={Comparing biases for minimal network construction with back-propagation},
  author={Hanson, Stephen Jos{\'e} and Pratt, Lorien Y},
  booktitle={Advances in neural information processing systems},
  pages={177--185},
  year={1989}
}

@article{jia2014caffe,
  Author = {Jia{, et al.}, Yangqing},
  Journal = {arXiv preprint arXiv:1408.5093},
  Title = {Caffe: Convolutional Architecture for Fast Feature Embedding},
  Year = {2014}
}

@inproceedings{yosinski2014transferable,
  title={How transferable are features in deep neural networks?},
  author={Yosinski, Jason and Clune, Jeff and Bengio, Yoshua and Lipson, Hod},
  booktitle={Advances in Neural Information Processing Systems},
  pages={3320--3328},
  year={2014}
}







@article{chen2015compressing,
  title={Compressing Neural Networks with the Hashing Trick},
  author={Chen, Wenlin and Wilson, James T. and Tyree, Stephen and Weinberger, Kilian Q. and Chen, Yixin},
  journal={arXiv preprint arXiv:1504.04788},
  year={2015}
}



@article{shi2009hash,
  title={Hash kernels for structured data},
  author={Shi, Qinfeng and Petterson, James and Dror, Gideon and Langford, John and Smola, Alex and Vishwanathan, SVN},
  journal={The Journal of Machine Learning Research},
  volume={10},
  pages={2615--2637},
  year={2009},
  publisher={JMLR. org}
}

@inproceedings{weinberger2009feature,
  title={Feature hashing for large scale multitask learning},
  author={Weinberger, Kilian and Dasgupta, Anirban and Langford, John and Smola, Alex and Attenberg, Josh},
  booktitle={ICML},
  pages={1113--1120},
  year={2009},
  organization={ACM}
}

@article{collins2014memory,
  title={Memory bounded deep convolutional networks},
  author={Collins, Maxwell D and Kohli, Pushmeet},
  journal={arXiv preprint arXiv:1412.1442},
  year={2014}
}

@article{yang2014deep,
  title={Deep Fried Convnets},
  author={Yang, Zichao and Moczulski, Marcin and Denil, Misha and de Freitas, Nando and Smola, Alex and Song, Le and Wang, Ziyu},
  journal={arXiv preprint arXiv:1412.7149},
  year={2014}
}

@article{gong2014compressing,
  title={Compressing Deep Convolutional Networks using Vector Quantization},
  author={Gong, Yunchao and Liu, Liu and Yang, Ming and Bourdev, Lubomir},
  journal={arXiv preprint arXiv:1412.6115},
  year={2014}
}

@online{caffemodel,
author = {Yangqing Jia},
title = {{BVLC} Caffe Model Zoo.  http://caffe.berkeleyvision.org/model\_zoo},
year = {2013}
}

@article{han2015deep,
  title={Deep Compression: Compressing Deep Neural Networks with Pruning, Trained Quantization and Huffman Coding},
  author={Han, Song and Mao, Huizi and Dally, William J},
  journal={International Conference on Learning Representations},
  year={2016}
}

@article{srinivas2015data,
  title={Data-free parameter pruning for Deep Neural Networks},
  author={Srinivas, Suraj and Babu, R Venkatesh},
  journal={arXiv preprint arXiv:1507.06149},
  year={2015}
}

@inproceedings{han2015learning,
  title={Learning both Weights and Connections for Efficient Neural Network},
  author={Han, Song and Pool, Jeff and Tran, John and Dally, William},
  booktitle={Advances in Neural Information Processing Systems},
  pages={1135--1143},
  year={2015}
}


@article{xnor2016,
  title={XNOR-Net: ImageNet Classification Using Binary Convolutional Neural Networks},
  author={Rastegari, Mohammad and Ordonez, Vicente and Redmon, Joseph and Farhadi, Ali},
  journal={arXiv preprint arXiv:1603.05279},
  year={2016}
}


@inproceedings{binaryconnect2015,
  title={BinaryConnect: Training Deep Neural Networks with binary weights during propagations},
  author={Courbariaux, Matthieu and Bengio, Yoshua and David, Jean-Pierre},
  booktitle={Advances in Neural Information Processing Systems},
  pages={3105--3113},
  year={2015}
}

@article{deepspeech1,
  title={Deep Speech: Scaling up end-to-end speech recognition},
  author={Awni Hannun and Carl Case and Jared Casper and Bryan Catanzaro and Greg Diamos and Erich Elsen and Ryan Prenger and Sanjeev Satheesh and Shubho Sengupta and Adam Coates and Andrew Ng},
  journal={arXiv, preprint arXiv:1412.5567},
  year={2014} 
}

@article{deepspeech2,
  title={Deep Speech 2: End-to-End Speech Recognition in English and Mandarin},
  author={Dario Amodei et al.},
  journal={arXiv, preprint arXiv:1512.02595},
  year={2015} 
}


@inproceedings{karpathy2015deep,
  title={Deep visual-semantic alignments for generating image descriptions},
  author={Karpathy, Andrej and Fei-Fei, Li},
  booktitle={Proceedings of the IEEE Conference on Computer Vision and Pattern Recognition},
  year={2015}
}


@article{ILSVRC15,
Author = {Olga Russakovsky and Jia Deng and Hao Su and Jonathan Krause and Sanjeev Satheesh and Sean Ma and Zhiheng Huang and Andrej Karpathy and Aditya Khosla and Michael Bernstein and Alexander C. Berg and Li Fei-Fei},
Title = {{ImageNet Large Scale Visual Recognition Challenge}},
Year = {2015},
journal   = {International Journal of Computer Vision (IJCV)},
}

@article{IoffeS15BatchNorm,
  author    = {Sergey Ioffe and
               Christian Szegedy},
  title     = {Batch Normalization: Accelerating Deep Network Training by Reducing
               Internal Covariate Shift},
  journal   = {CoRR},
  volume    = {abs/1502.03167},
  year      = {2015},
  url       = {http://arxiv.org/abs/1502.03167},
  timestamp = {Mon, 02 Mar 2015 14:17:34 +0100},
  biburl    = {http://dblp.uni-trier.de/rec/bib/journals/corr/IoffeS15},
  bibsource = {dblp computer science bibliography, http://dblp.org}
}


@article{iandola2016squeezenet,
  title={SqueezeNet: AlexNet-level accuracy with 50x fewer parameters and< {1MB} model size},
  author={Iandola, Forrest N and Han, Song and Moskewicz, Matthew W and Ashraf, Khalid and Dally, William J and Keutzer, Kurt},
  journal={arXiv:1602.07360},
  year={2016}
}

@inproceedings{szegedy2015going,
  title={Going deeper with convolutions},
  author={Szegedy, Christian and Liu, Wei and Jia, Yangqing and Sermanet, Pierre and Reed, Scott and Anguelov, Dragomir and Erhan, Dumitru and Vanhoucke, Vincent and Rabinovich, Andrew},
  booktitle={Proceedings of the IEEE Conference on Computer Vision and Pattern Recognition},
  pages={1--9},
  year={2015}
}


@article{lin2015neural,
  title={Neural Networks with Few Multiplications},
  author={Lin, Zhouhan and Courbariaux, Matthieu and Memisevic, Roland and Bengio, Yoshua},
  journal={arXiv preprint arXiv:1510.03009},
  year={2015}
}


@online{dgx1,
author = {NVIDIA},
title = {{NVIDIA DGX-1 Deep Learning System}. http://www.nvidia.com/object/deep-learning-system.html},
year = {2016}
}

@inproceedings{krishnavisualgenome,
  title={Visual Genome: Connecting Language and Vision Using Crowdsourced Dense Image Annotations},
  author={Krishna, Ranjay and Zhu, Yuke and Groth, Oliver and Johnson, Justin and Hata, Kenji and Kravitz, Joshua and Chen, Stephanie and Kalantidis, Yannis and Li, Li-Jia and Shamma, David A and Bernstein, Michael and Fei-Fei, Li},
  year = {2016},
  url = {http://arxiv.org/abs/1602.07332},
}


@article{pascanu2014saddle,
  title={On the saddle point problem for non-convex optimization},
  author={Pascanu, Razvan and Dauphin, Yann N and Ganguli, Surya and Bengio, Yoshua},
  journal={arXiv preprint arXiv:1405.4604},
  year={2014}
}


@inproceedings{dauphin2014identifying,
  title={Identifying and attacking the saddle point problem in high-dimensional non-convex optimization},
  author={Dauphin, Yann N and Pascanu, Razvan and Gulcehre, Caglar and Cho, Kyunghyun and Ganguli, Surya and Bengio, Yoshua},
  booktitle={Advances in neural information processing systems},
  pages={2933--2941},
  year={2014}
}

@article{choromanska2014loss,
  title={The loss surfaces of multilayer networks},
  author={Choromanska, Anna and Henaff, Mikael and Mathieu, Michael and Arous, G{\'e}rard Ben and LeCun, Yann},
  journal={arXiv preprint arXiv:1412.0233},
  year={2014}
}


@online{ilsvrc2015,
author = {ILSVRC2015},
title = {Large Scale Visual Recognition Challenge 2015},
url ={http://image-net.org/challenges/LSVRC/2015/results},
year = {2015}
}



@article{wang2014nonconvex,
  title={Nonconvex statistical optimization: Minimax-optimal sparse pca in polynomial time},
  author={Wang, Zhaoran and Lu, Huanran and Liu, Han},
  journal={arXiv preprint arXiv:1408.5352},
  year={2014}
}
@article{wang2014high,
  title={High dimensional expectation-maximization algorithm: Statistical optimization and asymptotic normality},
  author={Wang, Zhaoran and Gu, Quanquan and Ning, Yang and Liu, Han},
  journal={arXiv preprint arXiv:1412.8729},
  year={2014}
}
@article{tan2016sparse,
  title={Sparse Generalized Eigenvalue Problem: Optimal Statistical Rates via Truncated Rayleigh Flow},
  author={Tan, Kean Ming and Wang, Zhaoran and Liu, Han and Zhang, Tong},
  journal={arXiv preprint arXiv:1604.08697},
  year={2016}
}
@article{yuan2013truncated,
  title={Truncated power method for sparse eigenvalue problems},
  author={Yuan, Xiao-Tong and Zhang, Tong},
  journal={The Journal of Machine Learning Research},
  volume={14},
  number={1},
  pages={899--925},
  year={2013},
  publisher={JMLR. org}
}
@inproceedings{langford2009sparse,
  title={Sparse online learning via truncated gradient},
  author={Langford, John and Li, Lihong and Zhang, Tong},
  booktitle={Advances in neural information processing systems},
  pages={905--912},
  year={2009}
}
@article{yuan2013gradient,
  title={Gradient hard thresholding pursuit for sparsity-constrained optimization},
  author={Yuan, Xiao-Tong and Li, Ping and Zhang, Tong},
  journal={arXiv preprint arXiv:1311.5750},
  year={2013}
}


@inproceedings{sutskever2014sequence,
  title={Sequence to sequence learning with neural networks},
  author={Sutskever, Ilya and Vinyals, Oriol and Le, Quoc V},
  booktitle={Advances in neural information processing systems},
  pages={3104--3112},
  year={2014}
}


@inproceedings{antol2015vqa,
  title={Vqa: Visual question answering},
  author={Antol, Stanislaw and Agrawal, Aishwarya and Lu, Jiasen and Mitchell, Margaret and Batra, Dhruv and Lawrence Zitnick, C and Parikh, Devi},
  booktitle={Proceedings of the IEEE International Conference on Computer Vision},
  pages={2425--2433},
  year={2015}
}









@article{RN165,
   author = {Dahl, George E and Yu, Dong and Deng, Li and Acero, Alex},
   title = {Context-dependent pre-trained deep neural networks for large-vocabulary speech recognition},
   journal = {IEEE Transactions on audio, speech, and language processing},
   volume = {20},
   number = {1},
   pages = {30-42},
   ISSN = {1558-7916},
   year = {2012},
   type = {Journal Article}
}

@article{RN164,
   author = {Hinton, Geoffrey and Deng, Li and Yu, Dong and Dahl, George E and Mohamed, Abdel-rahman and Jaitly, Navdeep and Senior, Andrew and Vanhoucke, Vincent and Nguyen, Patrick and Sainath, Tara N},
   title = {Deep neural networks for acoustic modeling in speech recognition: The shared views of four research groups},
   journal = {IEEE Signal Processing Magazine},
   volume = {29},
   number = {6},
   pages = {82-97},
   ISSN = {1053-5888},
   year = {2012},
   type = {Journal Article}
}

@inproceedings{RN167,
   author = {Graves, Alex and Mohamed, Abdel-rahman and Hinton, Geoffrey},
   title = {Speech recognition with deep recurrent neural networks},
   booktitle = {Acoustics, speech and signal processing (icassp), 2013 ieee international conference on},
   publisher = {IEEE},
   pages = {6645-6649},
   ISBN = {1479903566},
   type = {Conference Proceedings}
}

@article{RN168,
   author = {Cho, Kyunghyun and Gulcehre, Bart van Merriënboer Caglar and Bahdanau, Dzmitry and Schwenk, Fethi Bougares Holger and Bengio, Yoshua},
   title = {Learning Phrase Representations using RNN Encoder–Decoder for Statistical Machine Translation},
   type = {Journal Article}
}

@article{Luong2015Effective,
  title={Effective Approaches to Attention-based Neural Machine Translation},
  author={Luong, Minh Thang and Pham, Hieu and Manning, Christopher D.},
  journal={Computer Science},
  year={2015},
}

@article{Wu2016Google,
  title={Google's Neural Machine Translation System: Bridging the Gap between Human and Machine Translation},
  author={Wu, Yonghui and Schuster, Mike and Chen, Zhifeng and Le, Quoc V and Norouzi, Mohammad and Macherey, Wolfgang and Krikun, Maxim and Cao, Yuan and Gao, Qin and Macherey, Klaus},
  year={2016},
}

@article{Mnih2013Playing,
  title={Playing Atari with Deep Reinforcement Learning},
  author={Mnih, Volodymyr and Kavukcuoglu, Koray and Silver, David and Graves, Alex and Antonoglou, Ioannis and Wierstra, Daan and Riedmiller, Martin},
  journal={Computer Science},
  year={2013},
}

@article{Mnih2015Human,
  title={Human-level control through deep reinforcement learning.},
  author={Mnih, V and Kavukcuoglu, K and Silver, D and Rusu, A. A. and Veness, J and Bellemare, M. G. and Graves, A and Riedmiller, M and Fidjeland, A. K. and Ostrovski, G},
  journal={Nature},
  volume={518},
  number={7540},
  pages={529},
  year={2015},
}

@article{Silver2016Mastering,
  title={Mastering the game of Go with deep neural networks and tree search},
  author={Silver, D and Huang, A. and Maddison, C. J. and Guez, A and Sifre, L and Van, den Driessche G and Schrittwieser, J and Antonoglou, I and Panneershelvam, V and Lanctot, M},
  journal={Nature},
  volume={529},
  number={7587},
  pages={484},
  year={2016},
}

@inproceedings{He2016Deep,
  title={Deep Residual Learning for Image Recognition},
  author={He, Kaiming and Zhang, Xiangyu and Ren, Shaoqing and Sun, Jian},
  booktitle={Computer Vision and Pattern Recognition},
  pages={770-778},
  year={2016},
}

@article{RN72,
   author = {Girshick, Ross and Donahue, Jeff and Darrell, Trevor and Malik, Jitendra},
   title = {Region-based convolutional networks for accurate object detection and segmentation},
   journal = {IEEE transactions on pattern analysis and machine intelligence},
   volume = {38},
   number = {1},
   pages = {142-158},
   ISSN = {0162-8828},
   year = {2016},
   type = {Journal Article}
}

@inproceedings{Redmon2016You,
  title={You Only Look Once: Unified, Real-Time Object Detection},
  author={Redmon, Joseph and Divvala, Santosh and Girshick, Ross and Farhadi, Ali},
  booktitle={Computer Vision and Pattern Recognition},
  pages={779-788},
  year={2016},
}

@article{Shelhamer2017Fully,
  title={Fully Convolutional Networks for Semantic Segmentation},
  author={Shelhamer, E and Long, J. and Darrell, T},
  journal={IEEE Transactions on Pattern Analysis and Machine Intelligence},
  volume={39},
  number={4},
  pages={640},
  year={2017},
}

@inproceedings{putnam2014large,
  title={Large-scale reconfigurable computing in a Microsoft datacenter},
  author={Putnam, Andrew},
  booktitle={Hot Chips 26 Symposium (HCS), 2014 IEEE},
  pages={1--38},
  year={2014},
  organization={IEEE}
}

@inproceedings{RN169,
   author = {Putnam, Andrew},
   title = {Large-scale reconfigurable computing in a Microsoft datacenter},
   booktitle = {Hot Chips 26 Symposium (HCS), 2014 IEEE},
   publisher = {IEEE},
   pages = {1-38},
   ISBN = {1467388831},
   type = {Conference Proceedings}
}

@inproceedings{RN172,
   author = {Putnam, Andrew and Caulfield, Adrian M and Chung, Eric S and Chiou, Derek and Constantinides, Kypros and Demme, John and Esmaeilzadeh, Hadi and Fowers, Jeremy and Gopal, Gopi Prashanth and Gray, Jan},
   title = {A reconfigurable fabric for accelerating large-scale datacenter services},
   booktitle = {Computer Architecture (ISCA), 2014 ACM/IEEE 41st International Symposium on},
   publisher = {IEEE},
   pages = {13-24},
   ISBN = {1479943940},
   type = {Conference Proceedings}
}

@inproceedings{RN171,
   author = {Shan, Yi and Wang, Bo and Yan, Jing and Wang, Yu and Xu, Ningyi and Yang, Huazhong},
   title = {FPMR: MapReduce framework on FPGA},
   booktitle = {Proceedings of the 18th annual ACM/SIGDA international symposium on Field programmable gate arrays},
   publisher = {ACM},
   pages = {93-102},
   ISBN = {160558911X},
   type = {Conference Proceedings}
}

@inproceedings{ma2017optimizing,
  title={Optimizing Loop Operation and Dataflow in FPGA Acceleration of Deep Convolutional Neural Networks},
  author={Ma, Yufei and Cao, Yu and Vrudhula, Sarma and Seo, Jae-sun},
  booktitle={Proceedings of the 2017 ACM/SIGDA International Symposium on Field-Programmable Gate Arrays},
  pages={45--54},
  year={2017},
  organization={ACM}
}

@inproceedings{zhang2015optimizing,
  title={Optimizing fpga-based accelerator design for deep convolutional neural networks},
  author={Zhang, Chen and Li, Peng and Sun, Guangyu and others},
  booktitle={FPGA},
  pages={161--170},
  year={2015},
  organization={ACM}
}

@inproceedings{du2015shidiannao,
  title         ={ShiDianNao: shifting vision processing closer to the sensor},
  author        ={Du, Zidong and Fasthuber, Robert and Chen, Tianshi and others},
  booktitle     ={ISCA},
  pages         ={92--104},
  year          ={2015},
  organization  ={ACM}
}

@article{Li2016High,
  title     ={A High Performance FPGA-based Accelerator for Large-Scale Convolutional Neural Networks},
  author    ={Hunmin Li, Xitian Fan, Li Jiao and others},
  booktitle ={FPL},
  year      ={2016}
}

@InProceedings{sim2016deep,
  Title                    = {A 1.42TOPS/W Deep Convolutional Neural Network Recognition Processor for Intelligent IoE Systems},
  Author                   = {Jaehyeong Sim and Jun-Seok Park and Minhye Kim and Dongmyung Bae and Yeongjae Choi and Lee-Sup Kim},
  Booktitle                = {ISSCC},
  Year                     = {2016},
  Organization             = {IEEE}
}

@article{Zhou2016DoReFa,
  author    = {Shuchang Zhou and
               Zekun Ni and
               Xinyu Zhou and
               He Wen and
               Yuxin Wu and
               Yuheng Zou},
  title     = {DoReFa-Net: Training Low Bitwidth Convolutional Neural Networks with
               Low Bitwidth Gradients},
  journal   = {CoRR},
  volume    = {abs/1606.06160},
  year      = {2016},
  url       = {http://arxiv.org/abs/1606.06160},
  timestamp = {Wed, 07 Jun 2017 14:40:53 +0200},
  biburl    = {http://dblp.uni-trier.de/rec/bib/journals/corr/ZhouNZWWZ16},
  bibsource = {dblp computer science bibliography, http://dblp.org}
}

@article{Hubara2016Quantitized,
  author    = {Itay Hubara and
               Matthieu Courbariaux and
               Daniel Soudry and
               Ran El{-}Yaniv and
               Yoshua Bengio},
  title     = {Quantized Neural Networks: Training Neural Networks with Low Precision
               Weights and Activations},
  journal   = {CoRR},
  volume    = {abs/1609.07061},
  year      = {2016},
  url       = {http://arxiv.org/abs/1609.07061},
  timestamp = {Wed, 07 Jun 2017 14:42:35 +0200},
  biburl    = {http://dblp.uni-trier.de/rec/bib/journals/corr/HubaraCSEB16},
  bibsource = {dblp computer science bibliography, http://dblp.org}
}

@inproceedings{Tang2017HowTT,
  title={How to Train a Compact Binary Neural Network with High Accuracy?},
  author={Wei Tang and Gang Hua and Liang Wang},
  booktitle={AAAI},
  year={2017}
}

@article{Wen17TernGrad,
  author    = {Wei Wen and
               Cong Xu and
               Feng Yan and
               Chunpeng Wu and
               Yandan Wang and
               Yiran Chen and
               Hai Li},
  title     = {TernGrad: Ternary Gradients to Reduce Communication in Distributed
               Deep Learning},
  journal   = {CoRR},
  volume    = {abs/1705.07878},
  year      = {2017},
  url       = {http://arxiv.org/abs/1705.07878},
  timestamp = {Wed, 07 Jun 2017 14:43:06 +0200},
  biburl    = {http://dblp.uni-trier.de/rec/bib/journals/corr/WenXYWWCL17},
  bibsource = {dblp computer science bibliography, http://dblp.org}
}

@InProceedings{chen2016eyeriss,
  Title                    = {Eyeriss: An Energy-Efficient Reconfigurable Accelerator for Deep Convolutional Neural Networks},
  Author                   = {Yu-Hsin Chen and Tushar Krishna and Joel Emer and Vivienne Sze},
  Booktitle                = {ISSCC},
  Year                     = {2016},
  Organization             = {IEEE}
}

@inproceedings{zhang2016cambricon,
  title={Cambricon-X: An accelerator for sparse neural networks},
  author={Zhang, Shijin and Du, Zidong and Zhang, Lei and Lan, Huiying and Liu, Shaoli and Li, Ling and Guo, Qi and Chen, Tianshi and Chen, Yunji},
  booktitle={Microarchitecture (MICRO), 2016 49th Annual IEEE/ACM International Symposium on},
  pages={1--12},
  year={2016},
  organization={IEEE}
}

@inproceedings{han2017ese,
  title={ESE: Efficient Speech Recognition Engine with Sparse LSTM on FPGA.},
  author={Han, Song and Kang, Junlong and Mao, Huizi and Hu, Yiming and Li, Xin and Li, Yubin and Xie, Dongliang and Luo, Hong and Yao, Song and Wang, Yu and others},
  booktitle={FPGA},
  pages={75--84},
  year={2017}
}

@inproceedings{albericio2016cnvlutin,
  title={Cnvlutin: ineffectual-neuron-free deep neural network computing},
  author={Albericio, Jorge and Judd, Patrick and Hetherington, Tayler and Aamodt, Tor and Jerger, Natalie Enright and Moshovos, Andreas},
  booktitle={Computer Architecture (ISCA), 2016 ACM/IEEE 43rd Annual International Symposium on},
  pages={1--13},
  year={2016},
  organization={IEEE}
}

@inproceedings{RN173,
   author = {Han, Song and Pool, Jeff and Tran, John and Dally, William},
   title = {Learning both weights and connections for efficient neural network},
   booktitle = {Advances in Neural Information Processing Systems},
   pages = {1135-1143},
   type = {Conference Proceedings}
}

@inproceedings{RN159,
   author = {Sun, Yi and Wang, Xiaogang and Tang, Xiaoou},
   title = {Sparsifying neural network connections for face recognition},
   booktitle = {Proceedings of the IEEE Conference on Computer Vision and Pattern Recognition},
   pages = {4856-4864},
   type = {Conference Proceedings}
}

@incollection{NIPS2016_6573,
title = {Binarized Neural Networks},
author = {Hubara, Itay and Courbariaux, Matthieu and Soudry, Daniel and El-Yaniv, Ran and Bengio, Yoshua},
booktitle = {Advances in Neural Information Processing Systems 29},
editor = {D. D. Lee and M. Sugiyama and U. V. Luxburg and I. Guyon and R. Garnett},
pages = {4107--4115},
year = {2016},
publisher = {Curran Associates, Inc.},
url = {http://papers.nips.cc/paper/6573-binarized-neural-networks.pdf}
}

@inproceedings{bulucc2009parallel,
  title={Parallel sparse matrix-vector and matrix-transpose-vector multiplication using compressed sparse blocks},
  author={Bulu{\c{c}}, Aydin and Fineman, Jeremy T and Frigo, Matteo and Gilbert, John R and Leiserson, Charles E},
  booktitle={Proceedings of the twenty-first annual symposium on Parallelism in algorithms and architectures},
  pages={233--244},
  year={2009},
  organization={ACM}
}
